<record><leader>00000cas a22000007a 4500</leader><controlfield tag="001">12004849</controlfield><controlfield tag="008">850507c19729999utuwr ne      0    0eng d</controlfield><datafield ind1=" " ind2=" " tag="010"><subfield code="a">sn 85058137 </subfield></datafield><datafield ind1=" " ind2=" " tag="040"><subfield code="a">UNP</subfield><subfield code="b">eng</subfield><subfield code="c">UNP</subfield><subfield code="d">NSD</subfield><subfield code="d">UBY</subfield><subfield code="d">OCLCQ</subfield><subfield code="d">OCLCF</subfield><subfield code="d">OCLCO</subfield></datafield><datafield ind1=" " ind2=" " tag="032"><subfield code="a">55512000</subfield><subfield code="b">USPS</subfield></datafield><datafield ind1=" " ind2=" " tag="042"><subfield code="a">msc</subfield></datafield><datafield ind1=" " ind2=" " tag="043"><subfield code="a">n-us-ut</subfield></datafield><datafield ind1="0" ind2=" " tag="130"><subfield code="a">Cache citizen (Smithfield, Utah)</subfield></datafield><datafield ind1="1" ind2="4" tag="245"><subfield code="a">The Cache citizen.</subfield></datafield><datafield ind1=" " ind2=" " tag="260"><subfield code="a">Smithfield, Utah :</subfield><subfield code="b">D. Watkins,</subfield><subfield code="c">1972-</subfield></datafield><datafield ind1=" " ind2=" " tag="300"><subfield code="a">v. :</subfield><subfield code="b">ill. ;</subfield><subfield code="c">58 cm.</subfield></datafield><datafield ind1=" " ind2=" " tag="310"><subfield code="a">Weekly</subfield></datafield><datafield ind1="0" ind2=" " tag="362"><subfield code="a">Vol. 10, no. 43 (Oct. 26, 1972)-</subfield></datafield><datafield ind1=" " ind2=" " tag="500"><subfield code="a">Moved to Logan, Utah with Oct. 26, 1978 issue.</subfield></datafield><datafield ind1=" " ind2=" " tag="525"><subfield code="a">Supplements accompany some issues.</subfield></datafield><datafield ind1=" " ind2=" " tag="580"><subfield code="a">Abridged ed., Cache Valley citizen (Logan, Utah), issued locally.</subfield></datafield><datafield ind1=" " ind2="0" tag="651"><subfield code="a">Cache County (Utah)</subfield><subfield code="v">Newspapers.</subfield></datafield><datafield ind1=" " ind2="0" tag="651"><subfield code="a">Logan (Utah)</subfield><subfield code="v">Newspapers.</subfield></datafield><datafield ind1=" " ind2="0" tag="651"><subfield code="a">Smithfield (Utah)</subfield><subfield code="v">Newspapers.</subfield></datafield><datafield ind1=" " ind2="7" tag="655"><subfield code="a">Newspapers.</subfield><subfield code="2">fast</subfield><subfield code="0">(OCoLC)fst01423814</subfield></datafield><datafield ind1=" " ind2="7" tag="651"><subfield code="a">Utah</subfield><subfield code="z">Cache County.</subfield><subfield code="2">fast</subfield><subfield code="0">(OCoLC)fst01218492</subfield></datafield><datafield ind1=" " ind2="7" tag="651"><subfield code="a">Utah</subfield><subfield code="z">Logan.</subfield><subfield code="2">fast</subfield><subfield code="0">(OCoLC)fst01211926</subfield></datafield><datafield ind1=" " ind2="7" tag="651"><subfield code="a">Utah</subfield><subfield code="z">Smithfield.</subfield><subfield code="2">fast</subfield><subfield code="0">(OCoLC)fst01231102</subfield></datafield><datafield ind1=" " ind2=" " tag="752"><subfield code="a">United States</subfield><subfield code="b">Utah</subfield><subfield code="c">Cache</subfield><subfield code="d">Smithfield.</subfield></datafield><datafield ind1=" " ind2=" " tag="752"><subfield code="a">United States</subfield><subfield code="b">Utah</subfield><subfield code="c">Cache</subfield><subfield code="d">Logan.</subfield></datafield><datafield ind1="1" ind2=" " tag="775"><subfield code="t">Cache Valley citizen (Logan, Utah)</subfield><subfield code="x">0193-1113</subfield><subfield code="w">(DLC)sn 79007308</subfield><subfield code="w">(OCoLC)5139606</subfield></datafield><datafield ind1="0" ind2="0" tag="780"><subfield code="t">Cache Valley citizen (Lewiston, Utah)</subfield><subfield code="w">(DLC)sn 85058136</subfield><subfield code="w">(OCoLC)12004841</subfield></datafield></record>